[gd_scene load_steps=15 format=2]

[ext_resource path="res://scripts/aerial_camera.gd" type="Script" id=1]
[ext_resource path="res://scripts/root.gd" type="Script" id=2]
[ext_resource path="res://nodes/submarine.tscn" type="PackedScene" id=3]
[ext_resource path="res://scenes/lamps.tscn" type="PackedScene" id=12]
[ext_resource path="res://scenes/ui.tscn" type="PackedScene" id=13]
[ext_resource path="res://materials/ground.gdshader" type="Shader" id=14]

[sub_resource type="GDScript" id=21]
script/source = "extends Spatial

onready var lamps = $\"../lamps\"
onready var ground = $\"/root/root/nav/ground\"

const lampScene = preload(\"res://nodes/lamp.tscn\")

const n = 400
const spacing = 0.4

func _ready():
	for i in range(n):
		var lamp = lampScene.instance()
		lamp.transform.origin = Vector3(i*spacing - n/2*spacing, 0, 0)
		lamps.add_child(lamp)
		
	for i in range(n):
		var lamp = lampScene.instance()
		lamp.transform.origin = Vector3(0, 0, i*spacing - n/2*spacing)
		lamps.add_child(lamp)
"

[sub_resource type="Environment" id=18]
ambient_light_color = Color( 1, 1, 1, 1 )
ambient_light_energy = 0.1
fog_enabled = true
fog_color = Color( 0.129412, 0.215686, 0.305882, 1 )
fog_sun_color = Color( 0.415686, 0.580392, 0.913725, 1 )
fog_depth_curve = 0.757858
dof_blur_far_distance = 16.8
dof_blur_far_transition = 0.13

[sub_resource type="NavigationMesh" id=6]
vertices = PoolVector3Array( -48, 0.5, 36, -48, 0.5, 48, -36, 0.5, 48, 36, 0.5, 48, 48, 0.5, 48, 48, 0.5, 36, 48, 0.5, -36, 48, 0.5, -48, 36, 0.5, -48, -36, 0.5, -48, -48, 0.5, -48, -48, 0.5, -36, -48, 0.5, 24, -48, 0.5, 36, -36, 0.5, 48, 24, 0.5, 48, 36, 0.5, 48, 48, 0.5, 36, 48, 0.5, -24, 48, 0.5, -36, 36, 0.5, -48, 24, 0.5, -48, -24, 0.5, -48, -36, 0.5, -48, -48, 0.5, -36, -48, 0.5, -24, -48, 0.5, 24, -36, 0.5, 48, -24, 0.5, 48, -48, 0.5, 12, 24, 0.5, 48, 48, 0.5, 36, 48, 0.5, 24, 12, 0.5, 48, 48, 0.5, 0, 48, 0.5, -12, 12, 0.5, -48, 0, 0.5, -48, 12, 0.5, 48, 48, 0.5, 24, 48, 0.5, 12, 0, 0.5, 48, 48, 0.5, 0, 0, 0.5, -48, -48, 0.5, 0, -12, 0.5, 48, 0, 0.5, 48, 48, 0.5, 12, 0, 0.5, -48, -12, 0.5, -48, -48, 0.5, -12, -48, 0.5, 0, 48, 0.5, -12, 48, 0.5, -24, 24, 0.5, -48, 12, 0.5, -48, -12, 0.5, -48, -24, 0.5, -48, -48, 0.5, -24, -48, 0.5, -12, -48, 0.5, 12, -24, 0.5, 48, -12, 0.5, 48, -48, 0.5, 0 )
polygons = [ PoolIntArray( 2, 1, 0 ), PoolIntArray( 5, 4, 3 ), PoolIntArray( 8, 7, 6 ), PoolIntArray( 11, 10, 9 ), PoolIntArray( 14, 13, 12 ), PoolIntArray( 17, 16, 15 ), PoolIntArray( 19, 18, 20 ), PoolIntArray( 20, 18, 21 ), PoolIntArray( 23, 22, 24 ), PoolIntArray( 24, 22, 25 ), PoolIntArray( 27, 26, 28 ), PoolIntArray( 28, 26, 29 ), PoolIntArray( 31, 30, 32 ), PoolIntArray( 32, 30, 33 ), PoolIntArray( 35, 34, 36 ), PoolIntArray( 36, 34, 37 ), PoolIntArray( 39, 38, 40 ), PoolIntArray( 40, 38, 41 ), PoolIntArray( 47, 46, 42 ), PoolIntArray( 42, 46, 45 ), PoolIntArray( 42, 45, 44 ), PoolIntArray( 42, 44, 43 ), PoolIntArray( 49, 48, 50 ), PoolIntArray( 50, 48, 51 ), PoolIntArray( 53, 52, 54 ), PoolIntArray( 54, 52, 55 ), PoolIntArray( 57, 56, 58 ), PoolIntArray( 58, 56, 59 ), PoolIntArray( 61, 60, 62 ), PoolIntArray( 62, 60, 63 ) ]
agent_height = 2.0
agent_radius = 2.0
agent_max_climb = 0.2

[sub_resource type="ConvexPolygonShape" id=3]
points = PoolVector3Array( -50, 0, -50, -50, 0, 50, 50, 0, -50, 50, 0, 50 )

[sub_resource type="PlaneMesh" id=1]
size = Vector2( 200, 200 )

[sub_resource type="OpenSimplexNoise" id=20]

[sub_resource type="NoiseTexture" id=19]
noise = SubResource( 20 )

[sub_resource type="ShaderMaterial" id=17]
shader = ExtResource( 14 )
shader_param/albedo = Color( 0.815686, 0.658824, 0.435294, 1 )
shader_param/nb_lamps = 1
shader_param/specular = null
shader_param/metallic = null
shader_param/roughness = null
shader_param/uv_scale = null
shader_param/texture_albedo = SubResource( 19 )

[node name="root" type="Spatial"]
script = ExtResource( 2 )

[node name="debug" type="Spatial" parent="."]
script = SubResource( 21 )

[node name="camera" type="Camera" parent="."]
transform = Transform( -1, 0, 0, 0, 0.642788, 0.766044, 0, 0.766044, -0.642788, 0, 10.9402, -9.17996 )
environment = SubResource( 18 )
far = 64.2815
script = ExtResource( 1 )
ground_diameter = 20
yaw = 0
pitch = 50

[node name="nav" type="NavigationMeshInstance" parent="."]
navmesh = SubResource( 6 )

[node name="ground" type="StaticBody" parent="nav"]

[node name="shape" type="CollisionShape" parent="nav/ground"]
shape = SubResource( 3 )

[node name="mesh" type="MeshInstance" parent="nav/ground"]
mesh = SubResource( 1 )
skeleton = NodePath("../../..")
material/0 = SubResource( 17 )

[node name="submarines" type="Spatial" parent="."]

[node name="LeTriomphant" parent="submarines" instance=ExtResource( 3 )]

[node name="ui" parent="." instance=ExtResource( 13 )]

[node name="lamps" parent="." instance=ExtResource( 12 )]

[node name="sun" type="DirectionalLight" parent="."]
transform = Transform( 1, 0, 0, 0, 0.559034, 0.829145, 0, -0.829145, 0.559034, 0, 18.6153, 0 )
light_color = Color( 0.611765, 0.74902, 0.988235, 1 )
light_energy = 1.754
light_indirect_energy = 0.0
shadow_enabled = true
